<?xml version="1.0" encoding="UTF-8"?><collection xmlns="http://www.loc.gov/MARC21/slim"><record><leader>00478nam--2200145-i-4500</leader><controlfield tag="001">000004446</controlfield><controlfield tag="002">20161230</controlfield><controlfield tag="005">20170210124422</controlfield><controlfield tag="008">060222s1000------------r-----000-0-eng-d</controlfield><datafield ind1=" " ind2=" " tag="100"><subfield code="a">Butta, Enzo</subfield></datafield><datafield ind1=" " ind2=" " tag="245"><subfield code="a">Proprieta meccaniche dinamiche e punti di tran sizione dei politereftalati. Pubblicazioni del la facolta d ingegneria di Pisa</subfield></datafield><datafield ind1=" " ind2=" " tag="260"><subfield code="a">Pisa</subfield><subfield code="b">Inst.Di Chimica Ind.E Applic</subfield><subfield code="c">1958</subfield></datafield><datafield ind1=" " ind2=" " tag="300"><subfield code="a">5 p., 1 Fig</subfield></datafield><datafield ind1=" " ind2=" " tag="490"><subfield code="a">Serie Xviii, Nr.851</subfield></datafield><datafield ind1=" " ind2=" " tag="CAT"><subfield code="a">SYS</subfield><subfield code="c">20170210</subfield><subfield code="h">124422</subfield></datafield></record></collection>